@ARTICLE{Planck2020,
  author       = {Planck Collaboration},
  title        = {{Planck 2018 results. VI. Cosmological parameters}},
  journal      = {Astronomy \& Astrophysics},
  volume       = {641},
  number        = {A6},
  pages         = {1--67},
  year         = {2020},
  doi          = {10.1051/0004-6361/201833910},
  archivePrefix= {arXiv},
  eprint       = {1807.06209},
  primaryClass = {astro-ph.CO}
}

@ARTICLE{DESI2025,
  author       = {DESI Collaboration},
  title        = {{DESI 2024 VI: Cosmological Constraints from the Measurements of Baryon Acoustic Oscillations}},
  journal      = {Journal of Cosmology and Astroparticle Physics},
  volume       = {02},
  number        = {021},
  year         = {2025},
  pages         = {1--40},
  doi          = {10.1088/1475-7516/2025/02/021},
  archivePrefix= {arXiv},
  eprint       = {2404.03002},
  primaryClass = {astro-ph.CO}
}

@ARTICLE{Schmittfull2019,
  author       = {Schmittfull, M., Simonović, M., Assassi, V., and Zaldarriaga, M.},
  title        = {Modeling Biased Tracers at the Field Level},
  journal      = {Physical Review D},
  volume       = {100},
  pages        = {1--53},
  number        = {043514},
  year         = {2019},
  doi          = {10.1103/PhysRevD.100.043514},
  archivePrefix= {arXiv},
  eprint       = {1811.11132},
  primaryClass = {astro-ph.CO}
}

@ARTICLE{Shannon1949,
  author  = {Shannon, C. E.},
  title   = {Communication in the Presence of Noise},
  journal = {Proceedings of the I.R.E.},
  number = {1},
  volume  = {37},
  pages   = {10--21},
  year    = {1949},
  doi     = {10.1109/JRPROC.1949.232969}
}

@ARTICLE{Chen2021,
  author       = {Chen, S., Lee, H., and Dvorkin, C.},
  title        = {Precise and Accurate Cosmology with CMB × LSS Power Spectra and Bispectra},
  journal      = {Journal of Cosmology and Astroparticle Physics},
  volume       = {2021},
  number       = {30},
  pages        = {1--54},
  year         = {2021},
  archivePrefix= {arXiv},
  eprint       = {2103.01229},
  primaryClass = {astro-ph.CO},
  doi          = {10.1088/1475-7516/2021/11/037}
}

@ARTICLE{DESI2016,
  author       = {DESI Collaboration},
  title        = {The DESI Experiment Part I: Science, Targeting, and Survey Design},
  journal      = {arXiv e-prints},
  year         = {2016},
  archivePrefix= {arXiv},
  eprint       = {1611.00036},
  primaryClass = {astro-ph.IM},
  url          = {https://arxiv.org/abs/1611.00036}
}

@article{CLASS2011,
  author = {Blas, D., Lesgourgues, J., and Tram, T.},
  title = {The Cosmic Linear Anisotropy Solving System (CLASS) II: Approximation schemes},
  journal = {Journal of Cosmology and Astroparticle Physics},
  volume = {2011},
  number = {034},
  pages = {1--32},
  year = {2011},
  eprint = {1104.2933},
  archivePrefix = {arXiv},
  doi = {10.1088/1475-7516/2011/07/034},
  primaryClass = {astro-ph.CO}
}

@article{CLASSPT2020,
  title = {Nonlinear perturbation theory extension of the Boltzmann code CLASS},
  author = {Chudaykin, Anton and Ivanov, Mikhail M. and Philcox, Oliver H. E. and Simonovi\ifmmode \acute{c}\else \'{c}\fi{}, Marko},
  journal = {Phys. Rev. D},
  volume = {102},
  issue = {6},
  pages = {063533},
  numpages = {33},
  year = {2020},
  month = {Sep},
  publisher = {American Physical Society},
  doi = {10.1103/PhysRevD.102.063533},
  url = {https://link.aps.org/doi/10.1103/PhysRevD.102.063533}
}